@Article{Grisetti2007,
  author   = {G. Grisetti and C. Stachniss and W. Burgard},
  title    = {Improved Techniques for Grid Mapping With Rao-Blackwellized Particle Filters},
  journal  = {IEEE Transactions on Robotics},
  year     = {2007},
  volume   = {23},
  number   = {1},
  pages    = {34-46},
  month    = {Feb},
  issn     = {1552-3098},
  doi      = {10.1109/TRO.2006.889486},
  file     = {:Studium/ROB/paper/Grisetti2007 - Improved Techniques for Grid Mapping with Rao Blackwellized Particle Filters.pdf:PDF},
  keywords = {SLAM (robots);mobile robots;particle filtering (numerical methods);Rao-Blackwellized particle filters;grid mapping;mobile robots;particle depletion;simultaneous localization and mapping problem;Computer science;Contracts;Distributed computing;Mobile robots;Orbital robotics;Particle filters;Proposals;Robot sensing systems;Simultaneous localization and mapping;Uncertainty;Adaptive resampling;Rao-Blackwellized particle filter (RBPF);improved proposal;motion model;simultaneous localization and mapping (SLAM)},
}

@InProceedings{Grisetti2005,
  author    = {Grisetti, Giorgio and Stachniss, Cyrill and Burgard, Wolfram},
  title     = {Improving grid-based slam with rao-blackwellized particle filters by adaptive proposals and selective resampling},
  booktitle = {ICRA},
  year      = {2005},
  pages     = {2432--2437},
  file      = {:Studium/ROB/paper/Grisetti2005 - Improving Grid Based Slam with Rao Blackwellized Particle Filters by Adaptive Proposals and Selective Resampling.pdf:PDF},
}

@InProceedings{Madhira2017,
  author    = {K. Madhira and J. Patel and D. Kothari and D. Panchal and D. Patel},
  title     = {A quantitative study of mapping and localization algorithms on ROS based differential robot},
  booktitle = {2017 Nirma University International Conference on Engineering (NUiCONE)},
  year      = {2017},
  pages     = {1-5},
  month     = {Nov},
  doi       = {10.1109/NUICONE.2017.8325609},
  file      = {:Studium/ROB/paper/Madhira2017 - A Quantitative Study of Mapping and Localization Algorithms on ROS Based Differential Robot.pdf:PDF},
  keywords  = {SLAM (robots);mobile robots;optical scanners;2D Laser scanner;Autonomous Vehicles;Nvidia Jetson TK1 Embedded board;ROS based differential robot;Robotics research;Robots;SLAM;communication layer;computational requirement;mapping and localization algorithms;multiple algorithm nodes;simultaneous localization and mapping;Bayes methods;Kalman filters;Navigation;Portable computers;Simultaneous localization and mapping;Autonomous Robot;Localization;Mapping;ROS;SLAM},
}

@InProceedings{Zaman2011,
  author    = {S. Zaman and W. Slany and G. Steinbauer},
  title     = {ROS-based mapping, localization and autonomous navigation using a Pioneer 3-DX robot and their relevant issues},
  booktitle = {2011 Saudi International Electronics, Communications and Photonics Conference (SIECPC)},
  year      = {2011},
  pages     = {1-5},
  month     = {April},
  doi       = {10.1109/SIECPC.2011.5876943},
  file      = {:Studium/ROB/paper/Zaman2011 - ROS Based Mapping, Localization and Autonomous Navigation Using a Pioneer 3 DX Robot and Their Relevant Issues.pdf:PDF},
  keywords  = {Linux;SLAM (robots);control engineering computing;mobile robots;operating systems (computers);path planning;robot vision;Linux based software framework;Pioneer 3-DX robot;ROS-based control system;ROS-based localization;ROS-based mapping;autonomous navigation;autonomous robots;robot operating system;Collision avoidance;Lasers;Navigation;Robot sensing systems;Servers},
}

@Misc{Wiki2018,
  title        = {Documentation - ROS Wiki},
  howpublished = {http://wiki.ros.org/},
  month        = {7},
  year         = {2018},
}